<record><leader>00000cas a22000007a 4500</leader><controlfield tag="001">25236548</controlfield><controlfield tag="008">920207d18671868ncudn ne      0    0eng d</controlfield><datafield ind1=" " ind2=" " tag="010"><subfield code="a">sn 92073932 </subfield></datafield><datafield ind1=" " ind2=" " tag="040"><subfield code="a">NVJ</subfield><subfield code="b">eng</subfield><subfield code="c">NVJ</subfield><subfield code="d">MGN</subfield><subfield code="d">IUL</subfield><subfield code="d">OCLCQ</subfield><subfield code="d">OCLCF</subfield><subfield code="d">OCLCO</subfield></datafield><datafield ind1="1" ind2=" " tag="029"><subfield code="a">AU@</subfield><subfield code="b">000020739253</subfield></datafield><datafield ind1=" " ind2=" " tag="042"><subfield code="a">msc</subfield></datafield><datafield ind1=" " ind2=" " tag="043"><subfield code="a">n-us-nc</subfield></datafield><datafield ind1=" " ind2=" " tag="090"><subfield code="a">AN2.W55</subfield><subfield code="b">W55</subfield></datafield><datafield ind1="0" ind2=" " tag="130"><subfield code="a">Wilmington post (Wilmington, N.C. : 1867)</subfield></datafield><datafield ind1="1" ind2="4" tag="245"><subfield code="a">The Wilmington post.</subfield></datafield><datafield ind1=" " ind2=" " tag="260"><subfield code="a">Wilmington, N.C. :</subfield><subfield code="b">[s.n.]</subfield></datafield><datafield ind1=" " ind2=" " tag="300"><subfield code="a">v. :</subfield><subfield code="b">ill.</subfield></datafield><datafield ind1=" " ind2=" " tag="310"><subfield code="a">Daily (except Mon.),</subfield><subfield code="b">Apr. 2, 1868-May 3, 1868</subfield></datafield><datafield ind1=" " ind2=" " tag="321"><subfield code="a">Triweekly,</subfield><subfield code="b">Dec. 5, 1867-&lt;Feb. 13, 1868&gt;</subfield></datafield><datafield ind1="0" ind2=" " tag="362"><subfield code="a">Dec. 5, 1867-May 3, 1868.</subfield></datafield><datafield ind1=" " ind2="0" tag="651"><subfield code="a">Wilmington (N.C.)</subfield><subfield code="v">Newspapers.</subfield></datafield><datafield ind1=" " ind2="7" tag="655"><subfield code="a">Newspapers.</subfield><subfield code="2">fast</subfield><subfield code="0">(OCoLC)fst01423814</subfield></datafield><datafield ind1=" " ind2="7" tag="651"><subfield code="a">North Carolina</subfield><subfield code="z">Wilmington.</subfield><subfield code="2">fast</subfield><subfield code="0">(OCoLC)fst01210117</subfield></datafield><datafield ind1=" " ind2=" " tag="752"><subfield code="a">United States</subfield><subfield code="b">North Carolina</subfield><subfield code="c">New Hanover</subfield><subfield code="d">Wilmington.</subfield></datafield><datafield ind1="0" ind2="0" tag="780"><subfield code="t">Wilmington daily post</subfield><subfield code="w">(DLC)sn 92073931</subfield><subfield code="w">(OCoLC)25236458</subfield></datafield><datafield ind1="0" ind2="0" tag="785"><subfield code="t">Wilmington semi-weekly post</subfield><subfield code="w">(DLC)   00238168</subfield><subfield code="w">(OCoLC)6966252</subfield></datafield></record>